@techreport{ColiConcTR2,
  title        = {{Open Source KOS software}},
  series       = {coli-conc technical report 2},
  author       = {Voß, Jakob},
  month        = mar,
  year         = 2016,
  doi          = {10.5281/zenodo.48227},
  url          = {http://coli-conc.gbv.de/publications/tr2.html}
}
@inproceedings{Voss2016,
  title = {Classification of Knowledge Organization Systems with Wikidata},
  author = {Voß, Jakob},
  year = {2016},
  booktitle = {Proceedings of 15th European NKOS workshop},
  series = {CEUR Workshop Proceedings},
}
@techreport{JSKOS,
  title = {{JSKOS data format for Knowledge Organization Systems}},
  number = {Version 0.1.2},
  author = {Jakob Voß},
  url = {http://gbv.github.io/jskos/},
  year = {2016},
  month ={June}
}
