@techreport{thiemann2003,
    title = {A URN Namespace For Identifiers Based on Cryptographic Hashes},
    author = {Peter Thiemann},
    year = {2003},
    month = {September},
    url = {https://tools.ietf.org/html/draft-thiemann-hash-urn-01}
}
