@article {Shaw2015,
    author = {Shaw, Ryan},
    title = {Big Data and reality},
    volume = {2},
    number = {2},
    year = {2015},
    doi = {10.1177/2053951715608877},
    journal = {Big Data \& Society}
}
@misc{Nakamoto2008,
    year=2008,
    author={Satoshi Nakamoto},
    title={Bitcoin: A Peer-to-Peer Electronic Cash System},
    url={https://bitcoin.org/bitcoin.pdf}
}
@article{Mayr2008,
	title = {Building a terminology network for search: the {KoMoHe} project},
	journal = {arXiv:0808.0518 [cs]},
	author = {Mayr, Philipp and Petras, Vivien},
	month = aug,
	year = {2008},
    url = {http://arxiv.org/abs/0808.0518}
}
@article{Binding2015,
    author="Binding, Ceri and Tudhope, Douglas",
    title="Improving interoperability using vocabulary linked data",
    journal="International Journal on Digital Libraries",
    year="2015",
    volume="17",
    number="1",
    pages="5--21",
    issn="1432-1300",
    doi="10.1007/s00799-015-0166-y"
}
@incollection{Soergel2011,
	address = {Würzburg},
	title = {Conceptual foundations for semantic mapping and semantic search},
	booktitle = {Concepts in context: proceedings of the {Cologne} {Conference} on {Interoperability} and {Semantics} in {Knowledge} {Organization}, {July} 19th-20th, 2010},
	publisher = {Ergon},
	author = {Soergel, Dagobert},
	editor = {Boteram, Felix and Gödert, Winfried and Hubrich, Jessica},
	year = {2011},
	pages = {13--35}
}
@techreport{ISO25964-2,
    editor={ISO},
    number={ISO 25964-2},
    title={Information and documentation: Thesauri and interoperability with other vocabularies. Part 2: interoperability with other vocabularies},
    year={2013}
}
