@techreport{Voss2016,
  title        = {{Open Source KOS software}},
  series       = {coli-conc technical report},
  number       = 2,
  author       = {Vo√ü, Jakob},
  month        = mar,
  year         = 2016,
  doi          = {10.5281/zenodo.48227},
  url          = {http://coli-conc.gbv.de/publications/tr2.html}
}
