@manual{tr1,
  title        = {Cocoda Technical Report 1},
  author       = {Voß, Jakob},
  month        = apr,
  year         = 2015,
  doi          = {10.5281/zenodo.16786},
  url          = {https://doi.org/10.5281/zenodo.16786}
}
@techreport{SKOS,
    url={http://www.w3.org/TR/skos-reference},
    title = {SKOS Simple Knowledge Organization System Reference},
    series = {W3C Recommendation},
    month = aug,
    year = 2009,
    editor = {Alistair Miles and Sean Bechhofer}
}
@techreport{JSKOS,
  title = {{JSKOS data format for Knowledge Organization Systems}},
  number = {Version 0.3.2},
  author = {Jakob Voß},
  url = {http://gbv.github.io/jskos/},
  year = {2018},
  month ={May}
}
@TechReport{JSONLD,
  author      = "Gregg Kellogg and Markus Lanthaler and Manu Sporny",
  title       = "{JSON}-LD 1.0",
  month       = jan,
  note        = "http://www.w3.org/TR/2014/REC-json-ld-20140116/",
  year        = "2014",
  type        = "{W3C} Recommendation",
  institution = "W3C",
}
@misc{poster,
  author       = {Voß, Jakob and
                  Agne, Jana Maria and
                  Balakrishnan, Uma and
                  Akter, Morsheda},
  title        = {Terminology Registries and Services},
  month        = nov,
  year         = 2016,
  doi          = {10.5281/zenodo.166717},
  url          = {https://doi.org/10.5281/zenodo.166717}
}
@article{code4lib,
  title 	= {Exposing Library Services with AngularJS},
  author 	= {Voß, Jakob and Horn, Moritz},
  issue 	= 26,
  year 		= 2014,
  month		= oct,
  journal	= {cod4lib journal},
  url   = {https://journal.code4lib.org/articles/10023},
}

